@ARTICLE{Abadi2010,
       author = {{Abadi}, Mario G. and {Navarro}, Julio F. and {Fardal}, Mark and {Babul}, Arif and {Steinmetz}, Matthias},
        title = "{Galaxy-induced transformation of dark matter haloes}",
      journal = {\mnras},
     keywords = {Galaxy: disc, Galaxy: formation, Galaxy: kinematics and dynamics, Galaxy: structure, Astrophysics - Astrophysics of Galaxies},
         year = 2010,
        month = sep,
       volume = {407},
       number = {1},
        pages = {435-446},
          doi = {10.1111/j.1365-2966.2010.16912.x},
archivePrefix = {arXiv},
       eprint = {0902.2477},
 primaryClass = {astro-ph.GA},
       adsurl = {https://ui.adsabs.harvard.edu/abs/2010MNRAS.407..435A},
      adsnote = {Provided by the SAO/NASA Astrophysics Data System}
}

@ARTICLE{vanderMarel2012,
       author = {{van der Marel}, Roeland P. and {Besla}, Gurtina and {Cox}, T.~J. and {Sohn}, Sangmo Tony and {Anderson}, Jay},
        title = "{The M31 Velocity Vector. III. Future Milky Way M31-M33 Orbital Evolution, Merging, and Fate of the Sun}",
      journal = {\apj},
     keywords = {galaxies: individual: M31, galaxies: kinematics and dynamics, Local Group, proper motions, Astrophysics - Galaxy Astrophysics},
         year = 2012,
        month = jul,
       volume = {753},
       number = {1},
          eid = {9},
        pages = {9},
          doi = {10.1088/0004-637X/753/1/9},
archivePrefix = {arXiv},
       eprint = {1205.6865},
 primaryClass = {astro-ph.GA},
       adsurl = {https://ui.adsabs.harvard.edu/abs/2012ApJ...753....9V},
      adsnote = {Provided by the SAO/NASA Astrophysics Data System}
}

@ARTICLE{Prada2019,
       author = {{Prada}, Jesus and {Forero-Romero}, Jaime E. and {Grand}, Robert J.~J. and {Pakmor}, R{\"u}diger and {Springel}, Volker},
        title = "{Dark matter halo shapes in the Auriga simulations}",
      journal = {\mnras},
     keywords = {galaxies: evolution, galaxies: formation, galaxies: haloes, dark matter, Astrophysics - Astrophysics of Galaxies},
         year = 2019,
        month = dec,
       volume = {490},
       number = {4},
        pages = {4877-4888},
          doi = {10.1093/mnras/stz2873},
archivePrefix = {arXiv},
       eprint = {1910.04045},
 primaryClass = {astro-ph.GA},
       adsurl = {https://ui.adsabs.harvard.edu/abs/2019MNRAS.490.4877P},
      adsnote = {Provided by the SAO/NASA Astrophysics Data System}
}

@ARTICLE{Frenk2012,
       author = {{Frenk}, C.~S. and {White}, S.~D.~M.},
        title = "{Dark matter and cosmic structure}",
      journal = {Annalen der Physik},
     keywords = {Astrophysics - Cosmology and Extragalactic Astrophysics, High Energy Physics - Theory},
         year = 2012,
        month = oct,
       volume = {524},
       number = {9-10},
        pages = {507-534},
          doi = {10.1002/andp.201200212},
archivePrefix = {arXiv},
       eprint = {1210.0544},
 primaryClass = {astro-ph.CO},
       adsurl = {https://ui.adsabs.harvard.edu/abs/2012AnP...524..507F},
      adsnote = {Provided by the SAO/NASA Astrophysics Data System}
}

@ARTICLE{Davis1985,
       author = {{Davis}, M. and {Efstathiou}, G. and {Frenk}, C.~S. and {White}, S.~D.~M.},
        title = "{The evolution of large-scale structure in a universe dominated by cold dark matter}",
      journal = {\apj},
     keywords = {Computational Astrophysics, Cosmology, Galactic Clusters, Galactic Evolution, Missing Mass (Astrophysics), Weak Interactions (Field Theory), Astronomical Models, Computerized Simulation, Correlation, Many Body Problem, Mass Distribution, Mass To Light Ratios, Matter (Physics), Radial Velocity, Red Shift, Astrophysics},
         year = 1985,
        month = may,
       volume = {292},
        pages = {371-394},
          doi = {10.1086/163168},
       adsurl = {https://ui.adsabs.harvard.edu/abs/1985ApJ...292..371D},
      adsnote = {Provided by the SAO/NASA Astrophysics Data System}
}

@ARTICLE{Angulo2012,
       author = {{Angulo}, R.~E. and {Springel}, V. and {White}, S.~D.~M. and {Jenkins}, A. and {Baugh}, C.~M. and {Frenk}, C.~S.},
        title = "{Scaling relations for galaxy clusters in the Millennium-XXL simulation}",
      journal = {\mnras},
     keywords = {cosmology: theory, large-scale structure of Universe, Astrophysics - Cosmology and Nongalactic Astrophysics, Astrophysics - Astrophysics of Galaxies},
         year = 2012,
        month = nov,
       volume = {426},
       number = {3},
        pages = {2046-2062},
          doi = {10.1111/j.1365-2966.2012.21830.x},
archivePrefix = {arXiv},
       eprint = {1203.3216},
 primaryClass = {astro-ph.CO},
       adsurl = {https://ui.adsabs.harvard.edu/abs/2012MNRAS.426.2046A},
      adsnote = {Provided by the SAO/NASA Astrophysics Data System}
}

@ARTICLE{Frenketal1988,
       author = {{Frenk}, Carlos S. and {White}, Simon D.~M. and {Davis}, Marc and {Efstathiou}, George},
        title = "{The Formation of Dark Halos in a Universe Dominated by Cold Dark Matter}",
      journal = {\apj},
     keywords = {Cosmology, Dark Matter, Galactic Evolution, Galactic Structure, Spiral Galaxies, Stellar Luminosity, Astronomical Models, Computational Astrophysics, Galactic Clusters, Morphology, Universe, Astrophysics, COSMOLOGY, DARK MATTER, GALAXIES: FORMATION, GALAXIES: INTERNAL MOTIONS, GALAXIES: STRUCTURE, NUMERICAL METHODS},
         year = 1988,
        month = apr,
       volume = {327},
        pages = {507},
          doi = {10.1086/166213},
       adsurl = {https://ui.adsabs.harvard.edu/abs/1988ApJ...327..507F},
      adsnote = {Provided by the SAO/NASA Astrophysics Data System}
}

@ARTICLE{Navarro1997,
       author = {{Navarro}, Julio F. and {Frenk}, Carlos S. and {White}, Simon D.~M.},
        title = "{A Universal Density Profile from Hierarchical Clustering}",
      journal = {\apj},
     keywords = {Cosmology: Theory, Cosmology: Dark Matter, Galaxies: Halos, Methods: Numerical, Astrophysics},
         year = 1997,
        month = dec,
       volume = {490},
       number = {2},
        pages = {493-508},
          doi = {10.1086/304888},
archivePrefix = {arXiv},
       eprint = {astro-ph/9611107},
 primaryClass = {astro-ph},
       adsurl = {https://ui.adsabs.harvard.edu/abs/1997ApJ...490..493N},
      adsnote = {Provided by the SAO/NASA Astrophysics Data System}
}

@ARTICLE{Navarroetal2004,
       author = {{Navarro}, J.~F. and {Hayashi}, E. and {Power}, C. and {Jenkins}, A.~R. and {Frenk}, C.~S. and {White}, S.~D.~M. and {Springel}, V. and {Stadel}, J. and {Quinn}, T.~R.},
        title = "{The inner structure of {\ensuremath{\Lambda}}CDM haloes - III. Universality and asymptotic slopes}",
      journal = {\mnras},
     keywords = {gravitation, cosmology: theory, dark matter, Astrophysics},
         year = 2004,
        month = apr,
       volume = {349},
       number = {3},
        pages = {1039-1051},
          doi = {10.1111/j.1365-2966.2004.07586.x},
archivePrefix = {arXiv},
       eprint = {astro-ph/0311231},
 primaryClass = {astro-ph},
       adsurl = {https://ui.adsabs.harvard.edu/abs/2004MNRAS.349.1039N},
      adsnote = {Provided by the SAO/NASA Astrophysics Data System}
}

@ARTICLE{Bullock2017,
       author = {{Bullock}, James S. and {Boylan-Kolchin}, Michael},
        title = "{Small-Scale Challenges to the {\ensuremath{\Lambda}}CDM Paradigm}",
      journal = {\araa},
     keywords = {Astrophysics - Cosmology and Nongalactic Astrophysics, High Energy Physics - Phenomenology},
         year = 2017,
        month = aug,
       volume = {55},
       number = {1},
        pages = {343-387},
          doi = {10.1146/annurev-astro-091916-055313},
archivePrefix = {arXiv},
       eprint = {1707.04256},
 primaryClass = {astro-ph.CO},
       adsurl = {https://ui.adsabs.harvard.edu/abs/2017ARA&A..55..343B},
      adsnote = {Provided by the SAO/NASA Astrophysics Data System}
}

@ARTICLE{Loewenstein1999,
       author = {{Loewenstein}, Michael and {White}, III, Raymond E.},
        title = "{Prevalence and Properties of Dark Matter in Elliptical Galaxies}",
      journal = {\apj},
     keywords = {COSMOLOGY: DARK MATTER, GALAXIES: ELLIPTICAL AND LENTICULAR, CD, Cosmology: Dark Matter, Galaxies: Elliptical and Lenticular, cD, Astrophysics},
         year = 1999,
        month = jun,
       volume = {518},
       number = {1},
        pages = {50-63},
          doi = {10.1086/307256},
archivePrefix = {arXiv},
       eprint = {astro-ph/9901242},
 primaryClass = {astro-ph},
       adsurl = {https://ui.adsabs.harvard.edu/abs/1999ApJ...518...50L},
      adsnote = {Provided by the SAO/NASA Astrophysics Data System}
}

@ARTICLE{Ciotti1992,
       author = {{Ciotti}, L. and {Pellegrini}, S.},
        title = "{Self-consistent two-component models of elliptical galaxies}",
      journal = {\mnras},
     keywords = {Astronomical Models, Dark Matter, Elliptical Galaxies, Galactic Mass, Mass To Light Ratios, Stellar Mass, Anisotropy, Dynamic Models, Mass Distribution, Velocity Distribution, Astrophysics},
         year = 1992,
        month = apr,
       volume = {255},
        pages = {561-571},
          doi = {10.1093/mnras/255.4.561},
       adsurl = {https://ui.adsabs.harvard.edu/abs/1992MNRAS.255..561C},
      adsnote = {Provided by the SAO/NASA Astrophysics Data System}


@ARTICLE{Hernquist1990,
       author = {{Hernquist}, Lars},
        title = "{An Analytical Model for Spherical Galaxies and Bulges}",
      journal = {\apj},
     keywords = {Computational Astrophysics, Elliptical Galaxies, Galactic Bulge, Galactic Structure, Astronomical Models, Astronomical Photometry, Brightness Distribution, Distribution Functions, Astrophysics, GALAXIES: PHOTOMETRY, GALAXIES: STRUCTURE},
         year = 1990,
        month = jun,
       volume = {356},
        pages = {359},
          doi = {10.1086/168845},
       adsurl = {https://ui.adsabs.harvard.edu/abs/1990ApJ...356..359H},
      adsnote = {Provided by the SAO/NASA Astrophysics Data System}
}

@ARTICLE{Prada2013,
       author = {{Klypin}, Anatoly and {Prada}, Francisco and {Yepes}, Gustavo and {Hess}, Steffen and {Gottlober}, Stefan},
        title = "{Halo Abundance Matching: accuracy and conditions for numerical convergence}",
      journal = {arXiv e-prints},
     keywords = {Astrophysics - Cosmology and Extragalactic Astrophysics},
         year = 2013,
        month = oct,
          eid = {arXiv:1310.3740},
        pages = {arXiv:1310.3740},
          doi = {10.48550/arXiv.1310.3740},
archivePrefix = {arXiv},
       eprint = {1310.3740},
 primaryClass = {astro-ph.CO},
       adsurl = {https://ui.adsabs.harvard.edu/abs/2013arXiv1310.3740K},
      adsnote = {Provided by the SAO/NASA Astrophysics Data System}
}

@ARTICLE{Einasto1965,
       author = {{Einasto}, J.},
        title = "{On the Construction of a Composite Model for the Galaxy and on the Determination of the System of Galactic Parameters}",
      journal = {Trudy Astrofizicheskogo Instituta Alma-Ata},
         year = 1965,
        month = jan,
       volume = {5},
        pages = {87-100},
       adsurl = {https://ui.adsabs.harvard.edu/abs/1965TrAlm...5...87E},
      adsnote = {Provided by the SAO/NASA Astrophysics Data System}
}

@ARTICLE{Jaffe1983,
       author = {{Jaffe}, W.},
        title = "{A simple model for the distribution of light in spherical galaxies.}",
      journal = {\mnras},
     keywords = {Astronomical Models, Brightness Distribution, Galactic Radiation, Gravitational Fields, Light Emission, Surface Properties, Astrophysics},
         year = 1983,
        month = mar,
       volume = {202},
        pages = {995-999},
          doi = {10.1093/mnras/202.4.995},
       adsurl = {https://ui.adsabs.harvard.edu/abs/1983MNRAS.202..995J},
      adsnote = {Provided by the SAO/NASA Astrophysics Data System}
}

@ARTICLE{Flores1994,
       author = {{Flores}, Ricardo A. and {Primack}, Joel R.},
        title = "{Observational and Theoretical Constraints on Singular Dark Matter Halos}",
      journal = {\apjl},
     keywords = {Astronomical Models, Astrophysics, Constraints, Dark Matter, Density Distribution, Galaxies, Halos, Star Clusters, Star Formation, Curve Fitting, Distortion, Gravitational Lenses, Isothermal Processes, Rotation, Stellar Cores, Astrophysics, COSMOLOGY: DARK MATTER, GALAXIES: CLUSTERS OF, GALAXIES: STRUCTURE, Astrophysics, High Energy Physics - Phenomenology},
         year = 1994,
        month = may,
       volume = {427},
        pages = {L1},
          doi = {10.1086/187350},
archivePrefix = {arXiv},
       eprint = {astro-ph/9402004},
 primaryClass = {astro-ph},
       adsurl = {https://ui.adsabs.harvard.edu/abs/1994ApJ...427L...1F},
      adsnote = {Provided by the SAO/NASA Astrophysics Data System}
}

@ARTICLE{Wetzel2015,
       author = {{Wetzel}, Andrew R. and {Nagai}, Daisuke},
        title = "{The Physical Nature of the Cosmic Accretion of Baryons and Dark Matter into Halos and Their Galaxies}",
      journal = {\apj},
     keywords = {cosmology: theory, galaxies: evolution, galaxies: formation, galaxies: general, galaxies: halos, methods: numerical, Astrophysics - Cosmology and Nongalactic Astrophysics, Astrophysics - Astrophysics of Galaxies},
         year = 2015,
        month = jul,
       volume = {808},
       number = {1},
          eid = {40},
        pages = {40},
          doi = {10.1088/0004-637X/808/1/40},
archivePrefix = {arXiv},
       eprint = {1412.0662},
 primaryClass = {astro-ph.CO},
       adsurl = {https://ui.adsabs.harvard.edu/abs/2015ApJ...808...40W},
      adsnote = {Provided by the SAO/NASA Astrophysics Data System}
}

